% Encoding: UTF-8

@Book{MasteringFreeRtos,
  title     = {Mastering the FreeRtos Real time Kernel},
  publisher = {Real time Engineers Ltd.},
  year      = {2016},
  author    = {Richardy Barry},
  edition   = {Pre-release 161204 Edition},
  url       = {www.FreeRtos.org},
}

@Article{,
  author  = {Jie Liu Edward A. Lee},
  title   = {Timed Multitaskin for Real-time Embedded Software},
  journal = {Palo Alto Research Center - Darpa},
  year    = {2013},
}

@Conference{RealTimePerformance,
  author    = {David B. Stewart},
  title     = {Measuring Execution Time and Real-Time Performance},
  booktitle = {Embedded System Conference},
  year      = {2006},
}

@Book{3827371511,
  title     = {Computerarchitektur},
  publisher = {Pearson Studium},
  year      = {2005},
  author    = {Andrew S. Tanenbaum},
  isbn      = {3-8273-7151-1},
  url       = {https://www.amazon.com/Computerarchitektur-Andrew-S-Tanenbaum/dp/3827371511?SubscriptionId=0JYN1NVW651KCA56C102&tag=techkie-20&linkCode=xm2&camp=2025&creative=165953&creativeASIN=3827371511},
}

@Book{9783827373427,
  title     = {Moderne Betriebssysteme},
  publisher = {Pearson Studium},
  author    = {Andrew S. Tanenbaum},
	year = {2002},
  isbn      = {978-3-8273-7342-7},
  url       = {https://www.amazon.com/Moderne-Betriebssysteme/dp/3827373425?SubscriptionId=0JYN1NVW651KCA56C102&tag=techkie-20&linkCode=xm2&camp=2025&creative=165953&creativeASIN=3827373425},
}

@Book{9780128015070,
  title     = {Real-Time Embedded Systems},
  publisher = {Elsevier LTD, Oxford},
  year      = {2015},
  author    = {Fan, Xiaocong},
  isbn      = {0128015071},
  date      = {2015-04-12},
  ean       = {9780128015070},
  pagetotal = {650},
  url       = {http://www.ebook.de/de/product/23514905/xiaocong_fan_real_time_embedded_systems.html},
}

@Book{9781441982360,
  title     = {Real-Time Systems},
  publisher = {Springer-Verlag GmbH},
  year      = {2011},
  author    = {Kopetz, Hermann},
  isbn      = {1441982361},
  date      = {2011-04-26},
  ean       = {9781441982360},
  url       = {http://www.ebook.de/de/product/13836634/hermann_kopetz_real_time_systems.html},
}

@Article{RTOSRevealed,
  author      = {Colln Walls},
  title       = {RTOS Revealed},
  journal     = {Embedded.com},
  year        = {2016-2017},
  institution = {Embedded.com},
}

@Article{,
  author  = {Le Trung Thang},
  title   = {Comparing real-time scheduling on the Linux kernel and an RTOS},
  journal = {Embedded.com},
  year    = {2012},
}

@Article{Xu:1990:SPR:78266.78285,
  author     = {Xu, Jia and Parnas, David},
  title      = {Scheduling Processes with Release Times, Deadlines, Precedence and Exclusion Relations},
  journal    = {IEEE Trans. Softw. Eng.},
  year       = {1990},
  volume     = {16},
  number     = {3},
  pages      = {360--369},
  month      = mar,
  issn       = {0098-5589},
  acmid      = {78285},
  address    = {Piscataway, NJ, USA},
  doi        = {10.1109/32.48943},
  issue_date = {March 1990},
  keywords   = {arbitrary precedence, automated pre-run-time scheduling, exclusion relations, hard-real-time systems, optimal schedule, optimisation, ordered pairs, precedence relations, process segments, release time, scheduling, search problems., single processor},
  numpages   = {10},
  publisher  = {IEEE Press},
  url        = {http://dx.doi.org/10.1109/32.48943},
}

@Article{,
  author  = {Kanaka Juvva},
  title   = {Real-Time Systems Carnegie Mellon University 18-849b Dependable Embedded Systems},
  journal = {https://users.ece.cmu.edu/~koopman/des_s99/real_time/},
  year    = {1998},
}

@Book{9780124080829,
  title     = {The Definitive Guide to ARM® Cortex®-M3 and Cortex®-M4 Processors},
  publisher = {Elsevier LTD, Oxford},
  year      = {2013},
  author    = {Yiu, Joseph},
  isbn      = {0124080820},
  date      = {2013-12-13},
  ean       = {9780124080829},
  pagetotal = {600},
  url       = {http://www.ebook.de/de/product/20060149/joseph_yiu_the_definitive_guide_to_arm_cortex_m3_and_cortex_m4_processors.html},
}

@Misc{FreeRtosAdvanced,
  author = {Richard Barry},
  title  = {FreeRtos.org Implemenation - Advanced},
	year  = {2017},
  url    = {http://www.freertos.org/implementation/a00003.html},
}

@Misc{,
  author = {Colin Walls},
  title  = {Colin Walls Blog},
  url    = {https://blogs.mentor.com/colinwalls/},
}

@Misc{OpenOCD,
  title = {On Chip Debugger},
  url   = {http://openocd.org/},
}

@Misc{gdb,
  title = {GNU GDB},
  url   = {https://www.gnu.org/software/gdb/},
}

@Book{9783864902222,
  title     = {Betriebssysteme},
  publisher = {Dpunkt.Verlag GmbH},
  year      = {2015},
  author    = {Glatz, Eduard},
  isbn      = {3864902223},
  date      = {2015-01-11},
  ean       = {9783864902222},
  pagetotal = {718},
  url       = {http://www.ebook.de/de/product/23393233/eduard_glatz_betriebssysteme.html},
}

@Misc{gbdRecord,
  title = {GDB Record - Free Software Foundation},
	author    = {Free Software Foundation},
  year  = {2017},
  url   = {https://sourceware.org/gdb/onlinedocs/gdb/Process-Record-and-Replay.html},
}

@Book{9780321417459,
  title     = {Real-Time Systems And Programming Languages: Ada, Real-Time Java, And C/Real-Time POSIX 4th Edition},
  publisher = {ADDISON-WESLEY},
  year      = {2001},
  author    = {Alan Burns},
  isbn      = {0321417453},
  ean       = {9780321417459},
  url       = {http://www.ebook.de/de/product/15385394/real_time_systems_and_programming_languages_ada_real_time_java_and_c_real_time_posix_4th_edition.html},
}

@Book{0471354902,
  title     = {Real-Time Systems and Software},
  publisher = {Wiley},
  year      = {2001},
  author    = {Alan C. Shaw},
  isbn      = {0471354902},
  url       = {https://www.amazon.com/Real-Time-Systems-Software-Alan-Shaw/dp/0471354902?SubscriptionId=0JYN1NVW651KCA56C102&tag=techkie-20&linkCode=xm2&camp=2025&creative=165953&creativeASIN=0471354902},
}

@Misc{LorenK.Rhodes2017,
  author = {Loren K. Rhodes, Ph.D.},
  title  = {Real-time Issues},
  year   = {2017},
  note   = {http://jcsites.juniata.edu/faculty/rhodes/smui/realtime.htm},
}

@article{Jones:1997:CRT:269005.266689,
 author = {Jones, Michael B. and Ro\c{s}u, Daniela and Ro\c{s}u, Marcel-C\u{a}t\u{a}lin},
 title = {CPU Reservations and Time Constraints: Efficient, Predictable Scheduling of Independent Activities},
 journal = {SIGOPS Oper. Syst. Rev.},
 issue_date = {Dec. 1997},
 volume = {31},
 number = {5},
 month = oct,
 year = {1997},
 issn = {0163-5980},
 pages = {198--211},
 numpages = {14},
 url = {http://doi.acm.org/10.1145/269005.266689},
 doi = {10.1145/269005.266689},
 acmid = {266689},
 publisher = {ACM},
 address = {New York, NY, USA},
} 

@inproceedings{Regehr:2001:ACR:882481.883779,
 author = {Regehr, John and Stankovic, John A.},
 title = {Augmented CPU Reservations: Towards Predictable Execution on General-Purpose Operating Systems},
 booktitle = {Proceedings of the Seventh Real-Time Technology and Applications Symposium (RTAS '01)},
 series = {RTAS '01},
 year = {2001},
 pages = {141--},
 url = {http://dl.acm.org/citation.cfm?id=882481.883779},
 acmid = {883779},
 publisher = {IEEE Computer Society},
 address = {Washington, DC, USA},
} 


@Comment{jabref-meta: databaseType:bibtex;}
